<record><leader>00000cas a22000007a 4500</leader><controlfield tag="001">13041478</controlfield><controlfield tag="008">860121d19131917wvuwr ne      0    0eng d</controlfield><datafield ind1=" " ind2=" " tag="010"><subfield code="a">sn 86092056 </subfield></datafield><datafield ind1=" " ind2=" " tag="040"><subfield code="a">WVC</subfield><subfield code="b">eng</subfield><subfield code="c">WVC</subfield><subfield code="d">OCL</subfield><subfield code="d">OCLCQ</subfield></datafield><datafield ind1=" " ind2=" " tag="042"><subfield code="a">msc</subfield></datafield><datafield ind1="0" ind2=" " tag="130"><subfield code="a">Princeton press (Princeton, W. Va.)</subfield></datafield><datafield ind1="1" ind2="4" tag="245"><subfield code="a">The Princeton press.</subfield></datafield><datafield ind1="3" ind2="0" tag="246"><subfield code="a">Athens weekly press</subfield></datafield><datafield ind1=" " ind2=" " tag="260"><subfield code="a">Princeton, W. Va. :</subfield><subfield code="b">Princeton Pub. &amp; Mfg. Co.</subfield></datafield><datafield ind1=" " ind2=" " tag="300"><subfield code="a">v.</subfield></datafield><datafield ind1=" " ind2=" " tag="310"><subfield code="a">Weekly</subfield></datafield><datafield ind1="1" ind2=" " tag="362"><subfield code="a">Began in 1913?; ceased in 1917.</subfield></datafield><datafield ind1=" " ind2=" " tag="500"><subfield code="a">The Athens Weekly Press was published as part of The Princeton Press from May through Oct. 1914 as a single page with its own masthead and vol. numbering until the format was dropped in favor of a column entitled: "Athens news notes."</subfield></datafield><datafield ind1=" " ind2=" " tag="500"><subfield code="a">"For the enrichment and completion of our community."</subfield></datafield><datafield ind1=" " ind2=" " tag="500"><subfield code="a">"Independent."</subfield></datafield><datafield ind1=" " ind2=" " tag="500"><subfield code="a">Editor: W.D. Roberts.</subfield></datafield><datafield ind1=" " ind2=" " tag="588"><subfield code="a">Description based on: Vol. 1, no. 35 (June 12, 1914).</subfield></datafield><datafield ind1=" " ind2=" " tag="752"><subfield code="a">United States</subfield><subfield code="b">West Virginia</subfield><subfield code="c">Mercer</subfield><subfield code="d">Princeton.</subfield></datafield><datafield ind1="0" ind2="0" tag="785"><subfield code="t">Evening press (Princeton, W. Va.)</subfield><subfield code="w">(DLC)sn 86092057</subfield></datafield><datafield ind1="1" ind2=" " tag="029"><subfield code="a">AU@</subfield><subfield code="b">000025287588</subfield></datafield></record>